<?xml version="1.0" encoding="UTF-8"?>
<collection xmlns:xsi="http://www.w3.org/2001/XMLSchema-instance" xsi:schemaLocation="http://www.loc.gov/MARC21/slim http://www.loc.gov/standards/marcxml/schema/MARC21slim.xsd" xmlns="http://www.loc.gov/MARC21/slim">
<record>
  <leader>00923cam a2200253   4500</leader>
  <controlfield tag="001">2872005</controlfield>
  <controlfield tag="003">NNC</controlfield>
  <controlfield tag="005">20130520195858.0</controlfield>
  <controlfield tag="008">820520s1970    iq h     b    000 0 arar </controlfield>
  <datafield tag="010" ind1=" " ind2=" ">
    <subfield code="a">   72962382 </subfield>
  </datafield>
  <datafield tag="035" ind1=" " ind2=" ">
    <subfield code="a">(OCoLC)ocm08444789</subfield>
  </datafield>
  <datafield tag="035" ind1=" " ind2=" ">
    <subfield code="9">ASA6595CU</subfield>
  </datafield>
  <datafield tag="035" ind1=" " ind2=" ">
    <subfield code="a">(NNC)2872005</subfield>
  </datafield>
  <datafield tag="035" ind1=" " ind2=" ">
    <subfield code="a">2872005</subfield>
  </datafield>
  <datafield tag="040" ind1=" " ind2=" ">
    <subfield code="a">DLC</subfield>
    <subfield code="c">TKN</subfield>
    <subfield code="d">TKN</subfield>
    <subfield code="d">IXA</subfield>
    <subfield code="d">ZCU</subfield>
  </datafield>
  <datafield tag="050" ind1="0" ind2=" ">
    <subfield code="a">BP130.3</subfield>
    <subfield code="b">.I25</subfield>
  </datafield>
  <datafield tag="100" ind1="1" ind2=" ">
    <subfield code="a">Ibn al-ʻAtāʼiqī, ʻAbd al-Raḥmān ibn Muḥammad,</subfield>
    <subfield code="d">1299 or 1300-</subfield>
  </datafield>
  <datafield tag="245" ind1="1" ind2="3">
    <subfield code="a">al-Nāsikh wa-al-mansūkh,</subfield>
    <subfield code="c">li-Kamāl al-Dīn ʻAbd al-Raḥmān ibn Muḥammad al-ʻAtāʾiqī al-Ḥillī. Ḥaqqaqahu wa ʻallaqa ʻalayh ʻAbd al-Hādī al-Faḍalī.</subfield>
  </datafield>
  <datafield tag="260" ind1=" " ind2=" ">
    <subfield code="a">[al-Najaf,</subfield>
    <subfield code="b">Maktabat al-Ṣādiq,</subfield>
    <subfield code="c">1970]</subfield>
  </datafield>
  <datafield tag="300" ind1=" " ind2=" ">
    <subfield code="a">85 p.</subfield>
    <subfield code="b">facsims.</subfield>
    <subfield code="c">24 cm.</subfield>
  </datafield>
  <datafield tag="504" ind1=" " ind2=" ">
    <subfield code="a">Includes bibliographies.</subfield>
  </datafield>
  <datafield tag="630" ind1="0" ind2="0">
    <subfield code="a">Qurʼan</subfield>
    <subfield code="x">Abrogator and abrogated verses.</subfield>
  </datafield>
  <datafield tag="700" ind1="1" ind2=" ">
    <subfield code="a">Faḍlī, ʻAbd al-Hādī,</subfield>
    <subfield code="d">1933-</subfield>
  </datafield>
  <datafield tag="955" ind1=" " ind2=" ">
    <subfield code="b">CU55312560</subfield>
    <subfield code="d">off,glx</subfield>
    <subfield code="e">BP130.3 .I25</subfield>
  </datafield>
</record>
</collection>